@book{Ambler:RefactoringDatabases,
    author = {Scott W. Ambler and Pramod J. Sadalage.},
    title = {Refactoring Databases: Evolutionary Database Design},
    publisher = {Addison Wesley},
    year = {2006}
}

@book{Fowler:Refatoracao,
    author = {Martin Fowler},
    title = {Refatoração: aperfeiçoando o Projeto de Código Existente},
    publisher = {Bookman},
    year = {2004}
}

@book{Heuser:ProjetoBD,
    author = {Carlos Alberto Heuser},
    title = {Projeto de Banco de Dados},
    publisher = {Editora Sagra Luzzato},
    year = {1998}
}

@misc{Mello:DatabaseRefactoring,
	title = "Database Refactoring",
	author = "Fabrízio de Royes Mello",
	year = "2013",
	note = "[\url{http://fabriziomello.github.io/blog/2013/06/10/database-refactoring}; acessado 2017-06-18]"
}

@misc{Wikipedia:Coupling,
	author = "Wikipedia",
	title = "Coupling",
	year = "2005",
	note = "[\url{https://en.wikipedia.org/wiki/Coupling_(computer_programming)}; acessado 2017-06-18]"
}

@misc{Mello:DatabaseRefactoringRepository,
    title = "Repositório com exemplos práticos de Database Refactoring utilizado em um Dojo durante o Agile Brazil 2014",
    author = "Fabrízio de Royes Mello",
    year = "2013",
    note = "[\url{https://github.com/fabriziomello/database_refactoring}; acessado 2017-06-24]"
}

@article{SousaAndBhatia:RefactoringOfADatabase,
    author="Ayeesha D’Sousa and Shalini Bhatia",
    title="Refactoring of a Database",
    journal="(IJCSIS) International Journal of Computer Science and Information Security",
    volume=6,
    number=2,
    year=2009
}

@article{Vial:DatabaseRefactoringLessonsTrenches,
    author="Gregory Vial",
    title="Database Refactoring Lessons from the Trenches",
    journal="IEEE Software",
    volume=32,
    issue=6,
    pages="71-79",
    year=2015
}